<?xml version="1.0" encoding="UTF-8"?><collection xmlns="http://www.loc.gov/MARC21/slim"><record><leader>00566nam--2200181-i-4500</leader><controlfield tag="001">000046712</controlfield><controlfield tag="002">20161230</controlfield><controlfield tag="005">20161230201046</controlfield><controlfield tag="008">060222s1000------------r-----000-0-rum-d</controlfield><datafield ind1=" " ind2=" " tag="040"><subfield code="a">IFIN-HH</subfield></datafield><datafield ind1=" " ind2=" " tag="041"><subfield code="a">rum</subfield></datafield><datafield ind1=" " ind2=" " tag="080"><subfield code="a">535.34(043):539.2(043)</subfield></datafield><datafield ind1="1" ind2=" " tag="100"><subfield code="a">Voda,Mihail Marini</subfield></datafield><datafield ind1="1" ind2="0" tag="245"><subfield code="a">Spectrele optice ale ionului bivalent de cobalt in cimp cristalin</subfield><subfield code="b">Rezumat teza. conducator stiintific acad.prof.dr.doc. eugen badarau</subfield><subfield code="c">Mihail marin i. voda</subfield></datafield><datafield ind1=" " ind2=" " tag="260"><subfield code="a">Bucuresti</subfield><subfield code="b">Ifa</subfield><subfield code="c">1973</subfield></datafield><datafield ind1=" " ind2=" " tag="300"><subfield code="a">49 P</subfield></datafield><datafield ind1=" " ind2=" " tag="852"><subfield code="a">39469</subfield><subfield code="c">535.33</subfield></datafield><datafield ind1=" " ind2=" " tag="CAT"><subfield code="a">Sys</subfield><subfield code="c">20101206</subfield><subfield code="h">134531</subfield></datafield></record></collection>